@book{dgrabus, 
auTHor = "Dominik G. Rabus", 
Title = {Integrated Ring Resonators}, 
publisher = {Springer}, 
YEAR = 2007, 
} 
@article{littlecbu1999, 
auTHor = "Sai T. Chu, Brent E. Little, Wugen Pan, Taro Kaneko, Shinya Sato, Yasuo Kokubun", 
Title = {"An Eight-Channel Add?Drop Filter Using Vertically Coupled Microring Resonators over a Cross Grid"}, 
publisher = {IEEE PHOTONICS TECHNOLOGY LETTERS, VOL. 11, NO. 6}, 
YEAR = 1999,
} 
@article{pub3105fsr, 
auTHor = "Wim Bogaerts*, Peter De Heyn, Thomas Van Vaerenbergh, Katrien DeVos, Shankar KumarSelvaraja, Tom Claes, Pieter Dumon, Peter Bienstman, Dries Van Thourhout, Roel Baets", 
Title = {"Silicon Microring Resonators"}, 
publisher = {Laser Photonics Rev. 6, No. 1, 47?73}, 
YEAR = 2012,
} 
@article{oe1493872, 
auTHor = "Fengnian Xia, Lidija Sekaric and Yurii A. Vlasov", 
Title = {"Mode conversion losses in silicon-on-insulator photonic wire based racetrack resonators"}, 
publisher = {Optical Society of America,Integrated optics devices}, 
YEAR = 2006,
} 
@article{vahala, 
auTHor = "Brent E. Little and Sai T. Chu,Hermann A. Haus, Milos A. Popovic, Michael R. Watts,Christina Manolatou", 
Title = {"OPTICAL RESONATORS AND FILTERS"}, 
publisher = {""}, 
YEAR = "",
} 
